21300000         237009428000105BP00000000000032568800001900000003256888K8BANK SOLUCOES EM PAGAMENTOS BANCO ARBI SA                           12304202404142500151010100000                    REMESSA-PRODUCAO                                 
21300011R01  030 2037009428000105BP00000000000032568800001900000003256888K8BANK SOLUCOES EM PAGAMENTOS                                                                                 000015102304202400000000                                 
2130001300001P 010000190000000325688800000011000005360193111220000000001     2207202400000000000000000000032N230420243000000000000000000000000000000000000000000000000000000000000000000000000000000000000001               30020000900000000001
2130001300002Q 011000017414245187Acacio de Paula Silva                   RUA CASTELO BRANCO                                     76920000Ouro Preto do ORO0000000000000000                                        000                            
2130001300003Y 0153019920000099999999992000000000000000                                                                                                                                                                                         
2130001300004P 010000190000000325688800000011000005360219111220000000003     2207202400000000000000000000032N230420243000000000000000000000000000000000000000000000000000000000000000000000000000000000000003               30020000900000000001
2130001300005Q 011000081481764500ADALGISA F DE GOES                      ROLAND GARROS                                          49160000Nossa Senhora dSE0000000000000000                                        000                            
2130001300006Y 0153019920000099999999992000000000000000                                                                                                                                                                                         
2130001300007P 010000190000000325688800000011000005360227111220000000004     2207202400000000000000000000032N230420243000000000000000000000000000000000000000000000000000000000000000000000000000000000000004               30020000900000000001
2130001300008Q 011000077433475834ADALBERTO LUIZ TELES                    DA IMPRENSA                                            13481370Limeira        SP0000000000000000                                        000                            
2130001300009Y 0153019920000099999999992000000000000000                                                                                                                                                                                         
2130001300010P 010000190000000325688800000011000005360235111220000000005     2207202400000000000000000000032N230420243000000000000000000000000000000000000000000000000000000000000000000000000000000000000005               30020000900000000001
2130001300011Q 011000025828072811ADELAIDE C MOTA SALES                   PETREL                                                 08440410So Paulo       SP0000000000000000                                        000                            
2130001300012Y 0153019920000099999999992000000000000000                                                                                                                                                                                         
21300015         00001400000000000000000000000000000000000000000000000000000000000000000000000000000000000000000000                                                                                                                             
21399999         000001000016000000                                                                                                                                                                                                             
